 @misc{libretexts_2021, 
 author={math.libretexts.org},
 title={17.3: Applications of Second-Order Differential Equations}, url={https://math.libretexts.org/Bookshelves/Calculus/Book:_Calculus_(OpenStax)/17:_Second-Order_Differential_Equations/17.3:_Applications_of_Second-Order_Differential_Equations}, journal={Mathematics LibreTexts}, publisher={Libretexts}, author={Libretexts}, year={2021}, month={Jan}} 